datetime,exchange,segment,stock_name,scrip_code,side,amount,quantity,price
2020-04-21 14:41:30,NSE,EQ,TATAMOTORS,500570,BUY,1051.4,14.0,75.1
2020-05-04 14:33:45,NSE,EQ,TATAMOTORS,500570,BUY,419.0,5.0,83.8
2020-05-05 11:31:20,NSE,EQ,BHAGERIA,530803,BUY,1165.5,10.0,116.55
2020-05-19 14:44:06,NSE,EQ,BHAGERIA,530803,BUY,500.0,5.0,100.0
2020-06-15 10:57:42,NSE,EQ,BHAGERIA,530803,SELL,1695.0,15.0,113.0
2020-07-03 13:31:19,NSE,EQ,TATAMOTORS,500570,BUY,1560.0,15.0,104.0
2020-07-27 10:47:51,NSE,EQ,YESBANK,532648,BUY,1230.0,100.0,12.3
2020-07-29 14:11:01,NSE,EQ,YESBANK,532648,BUY,587.5,50.0,11.75
2020-07-29 14:12:52,NSE,EQ,PNB,532461,BUY,988.5,30.0,32.95
2020-07-29 14:14:01,NSE,EQ,IDEA,532822,BUY,164.0,20.0,8.2
2020-07-30 15:15:54,NSE,EQ,IDEA,532822,BUY,397.5,50.0,7.95
2021-02-08 11:39:33,NSE,EQ,TATAPOWER,500400,BUY,6480.0,72.0,90.0
2021-02-09 14:25:00,NSE,EQ,GOLDBEES,590095,BUY,83.64,2.0,41.82
2021-02-09 14:25:00,NSE,EQ,NIFTYBEES,590103,BUY,162.52,1.0,162.52
2021-02-22 11:44:35,NSE,EQ,TATAPOWER,500400,BUY,2970.0,33.0,90.0
2021-03-04 00:00:00,NSE,EQ,HERANBA,543266,BUY,14421.0,23.0,627.0
2021-03-05 15:24:27,NSE,EQ,HERANBA,543266,SELL,9840.0,12.0,820.0
2021-03-09 10:38:35,NSE,EQ,HERANBA,543266,SELL,8525.0,11.0,775.0
2021-04-12 10:44:33,NSE,EQ,TATAMOTORS,500570,BUY,7670.0,26.0,295.0
2021-04-12 10:50:01,NSE,EQ,INFY,500209,BUY,4303.8,3.0,1434.6
2021-04-12 10:55:51,NSE,EQ,INFY,500209,BUY,7169.75,5.0,1433.95
2021-05-10 11:04:16,NSE,EQ,SBIN,500112,BUY,5110.0,14.0,365.0
2021-06-04 12:10:54,NSE,EQ,GOLDBEES,590095,SELL,84.06,2.0,42.03
2021-06-04 12:15:06,NSE,EQ,SBIN,500112,SELL,6104.0,14.0,436.0
2021-06-14 13:19:01,NSE,EQ,NIFTYBEES,590103,SELL,168.95,1.0,168.95
2021-06-14 13:20:29,NSE,EQ,PNB,532461,SELL,1243.5,30.0,41.45
2021-06-14 13:21:53,NSE,EQ,IDEA,532822,SELL,675.5,70.0,9.65
2021-06-14 13:23:56,NSE,EQ,INFY,500209,SELL,11656.0,8.0,1457.0
2021-06-15 13:16:17,NSE,EQ,TATACHEM,500770,BUY,15024.0,20.0,751.2
2021-06-15 13:36:57,NSE,EQ,VOLTAS,500575,BUY,4236.0,4.0,1059.0
2021-08-06 11:42:14,NSE,EQ,BPCL,500547,BUY,19651.0,43.0,457.0
2021-11-10 13:16:26,NSE,EQ,YESBANK,532648,SELL,1950.0,150.0,13.0
2022-05-11 11:50:35,NSE,EQ,TATAMOTORS,500570,BUY,15400.0,40.0,385.0
2022-05-11 11:58:14,NSE,EQ,TATAPOWER,500400,BUY,14384.0,64.0,224.75
2022-05-13 00:00:00,NSE,EQ,LICI,543526,BUY,13560.0,15.0,904.0
2022-08-10 09:15:00,NSE,EQ,VOLTAS,500575,SELL,3944.0,4.0,986.0
2022-08-10 09:26:12,NSE,EQ,BPCL,500547,SELL,14140.55,43.0,328.85
2022-08-10 09:27:00,NSE,EQ,LICI,543526,SELL,10265.25,15.0,684.35
2022-08-10 09:30:24,NSE,EQ,TATAPOWER,500400,SELL,4372.85,19.0,230.15
2022-08-10 09:33:26,NSE,EQ,TATACHEM,500770,SELL,20600.0,20.0,1030.0
2024-05-24 00:00:00,BMF,MF,MIRAE-ASSET-TAX-SAVER-DIRECT-GROWTH,F769K01DM9,BUY,999.95,20.51,48.77
2024-05-24 00:00:00,BMF,MF,SBI-MAGNUM-TAXGAIN-SCHEME-DIR-GR,F200K01UM9,BUY,999.75,2.33,428.89
2024-06-04 12:19:21,NSE,EQ,IRCTC,542830,BUY,2688.6,3.0,896.2
2024-06-13 12:11:08,FON,FO,NIFTY-CE-23350-13JUN2024,NIFTY,BUY,1475.0,25.0,59.0
2024-06-13 13:28:13,FON,FO,NIFTY-CE-23350-13JUN2024,NIFTY,SELL,1547.5,25.0,61.9
2024-06-13 13:58:03,NSE,EQ,KPITTECH,542651,BUY,3000.0,2.0,1500.0
2024-06-14 11:21:06,FON,FO,NIFTY-PE-23450-20JUN2024,NIFTY,BUY,3117.5,25.0,124.7
2024-06-14 12:09:30,FON,FO,NIFTY-PE-23450-20JUN2024,NIFTY,SELL,3200.0,25.0,128.0
2024-06-18 11:00:46,FON,FO,NIFTY-CE-23500-20JUN2024,NIFTY,BUY,3000.0,25.0,120.0
2024-06-18 11:22:18,FON,FO,NIFTY-CE-23500-20JUN2024,NIFTY,SELL,3391.25,25.0,135.65
2024-06-19 09:22:02,FON,FO,NIFTY-PE-23600-20JUN2024,NIFTY,BUY,1875.0,25.0,75.0
2024-06-19 09:29:57,FON,FO,NIFTY-PE-23600-20JUN2024,NIFTY,SELL,2500.0,25.0,100.0
2024-06-19 10:21:57,FON,FO,NIFTY-CE-23600-20JUN2024,NIFTY,BUY,1248.75,25.0,49.95
2024-06-19 10:47:19,FON,FO,NIFTY-CE-23600-20JUN2024,NIFTY,BUY,750.0,25.0,30.0
2024-06-19 11:42:42,FON,FO,NIFTY-CE-23600-20JUN2024,NIFTY,SELL,2400.0,50.0,48.0
2024-06-20 09:57:52,FON,FO,NIFTY-CE-23450-20JUN2024,NIFTY,BUY,3500.0,50.0,70.0
2024-06-20 10:02:14,FON,FO,NIFTY-CE-23450-20JUN2024,NIFTY,SELL,1938.75,25.0,77.55
2024-06-20 10:02:14,FON,FO,NIFTY-CE-23450-20JUN2024,NIFTY,SELL,1938.75,25.0,77.55
2024-06-20 10:11:43,FON,FO,NIFTY-CE-23650-20JUN2024,NIFTY,BUY,375.0,25.0,15.0
2024-06-20 10:11:43,FON,FO,NIFTY-CE-23650-20JUN2024,NIFTY,BUY,375.0,25.0,15.0
2024-06-20 10:15:20,FON,FO,NIFTY-CE-23650-20JUN2024,NIFTY,SELL,627.5,50.0,12.55
2024-06-20 10:23:38,FON,FO,NIFTY-CE-23650-20JUN2024,NIFTY,BUY,750.0,50.0,15.0
2024-06-20 10:24:50,FON,FO,NIFTY-CE-23650-20JUN2024,NIFTY,SELL,682.5,50.0,13.65
2024-06-20 10:28:21,FON,FO,NIFTY-CE-23650-20JUN2024,NIFTY,BUY,368.75,25.0,14.75
2024-06-20 10:28:21,FON,FO,NIFTY-CE-23650-20JUN2024,NIFTY,BUY,1106.25,75.0,14.75
2024-06-20 12:28:31,FON,FO,NIFTY-CE-23650-20JUN2024,NIFTY,SELL,450.0,75.0,6.0
2024-06-20 12:28:31,FON,FO,NIFTY-CE-23650-20JUN2024,NIFTY,SELL,150.0,25.0,6.0
2024-06-21 12:52:27,FON,FO,NIFTY-CE-23500-27JUN2024,NIFTY,BUY,3125.0,25.0,125.0
2024-06-21 12:52:27,FON,FO,NIFTY-CE-23500-27JUN2024,NIFTY,BUY,9375.0,75.0,125.0
2024-06-21 13:56:13,FON,FO,NIFTY-CE-23500-27JUN2024,NIFTY,SELL,11325.0,75.0,151.0
2024-06-21 13:56:13,FON,FO,NIFTY-CE-23500-27JUN2024,NIFTY,SELL,3775.0,25.0,151.0
2024-06-24 11:39:16,FON,FO,NIFTY-PE-23550-27JUN2024,NIFTY,BUY,3440.0,25.0,137.6
2024-06-24 11:39:16,FON,FO,NIFTY-PE-23550-27JUN2024,NIFTY,BUY,3442.5,25.0,137.7
2024-06-24 11:39:16,FON,FO,NIFTY-PE-23550-27JUN2024,NIFTY,BUY,3440.0,25.0,137.6
2024-06-24 11:39:16,FON,FO,NIFTY-PE-23550-27JUN2024,NIFTY,BUY,3440.0,25.0,137.6
2024-06-24 11:46:51,FON,FO,NIFTY-PE-23550-27JUN2024,NIFTY,SELL,14095.0,100.0,140.95
2024-06-25 11:23:23,FON,FO,NIFTY-CE-23550-27JUN2024,NIFTY,BUY,12620.0,100.0,126.2
2024-06-25 12:03:52,FON,FO,NIFTY-CE-23550-27JUN2024,NIFTY,SELL,12830.0,100.0,128.3
2024-06-26 13:32:12,FON,FO,NIFTY-CE-23800-27JUN2024,NIFTY,BUY,10910.0,100.0,109.1
2024-06-26 13:58:40,FON,FO,NIFTY-CE-23800-27JUN2024,NIFTY,SELL,6050.0,50.0,121.0
2024-06-26 13:58:40,FON,FO,NIFTY-CE-23800-27JUN2024,NIFTY,SELL,3025.0,25.0,121.0
2024-06-26 13:58:40,FON,FO,NIFTY-CE-23800-27JUN2024,NIFTY,SELL,3025.0,25.0,121.0
2024-06-26 15:00:09,FON,FO,NIFTY-CE-23800-27JUN2024,NIFTY,BUY,12100.0,100.0,121.0
2024-06-27 10:08:12,FON,FO,NIFTY-CE-23800-27JUN2024,NIFTY,SELL,8842.5,50.0,176.85
2024-06-27 10:33:11,FON,FO,NIFTY-CE-23800-27JUN2024,NIFTY,SELL,8750.0,50.0,175.0
2024-06-28 12:13:12,FON,FO,NIFTY-CE-24100-04JUL2024,NIFTY,BUY,8500.0,50.0,170.0
2024-06-28 12:21:13,FON,FO,NIFTY-CE-24100-04JUL2024,NIFTY,BUY,7250.0,50.0,145.0
2024-06-28 14:29:25,FON,FO,NIFTY-CE-24100-04JUL2024,NIFTY,SELL,8500.0,50.0,170.0
2024-06-28 14:29:25,FON,FO,NIFTY-CE-24100-04JUL2024,NIFTY,SELL,8500.0,50.0,170.0
2024-07-01 11:31:03,FON,FO,NIFTY-CE-24050-04JUL2024,NIFTY,BUY,18285.0,100.0,182.85
2024-07-01 13:45:26,FON,FO,NIFTY-CE-24050-04JUL2024,NIFTY,SELL,14373.75,75.0,191.65
2024-07-01 13:45:26,FON,FO,NIFTY-CE-24050-04JUL2024,NIFTY,SELL,4792.5,25.0,191.7
2024-07-02 00:00:00,BMF,MF,MIRAE-ASSET-TAX-SAVER-DIRECT-GROWTH,F769K01DM9,BUY,999.95,19.29,51.84
2024-07-02 00:00:00,BMF,MF,SBI-MAGNUM-TAXGAIN-SCHEME-DIR-GR,F200K01UM9,BUY,999.89,2.2,455.11
2024-07-02 09:45:41,FON,FO,NIFTY-PE-24150-04JUL2024,NIFTY,BUY,3125.0,25.0,125.0
2024-07-02 09:53:05,FON,FO,NIFTY-PE-24150-04JUL2024,NIFTY,SELL,3508.75,25.0,140.35
2024-07-02 12:44:33,FON,FO,NIFTY-CE-24000-04JUL2024,NIFTY,BUY,18155.0,100.0,181.55
2024-07-02 14:54:13,FON,FO,NIFTY-CE-24000-04JUL2024,NIFTY,SELL,5027.5,25.0,201.1
2024-07-02 14:54:13,FON,FO,NIFTY-CE-24000-04JUL2024,NIFTY,SELL,5027.5,25.0,201.1
2024-07-02 14:54:13,FON,FO,NIFTY-CE-24000-04JUL2024,NIFTY,SELL,10052.5,50.0,201.05
2024-07-03 09:15:54,FON,FO,NIFTY-PE-24250-04JUL2024,NIFTY,BUY,10455.0,100.0,104.55
2024-07-03 12:33:30,FON,FO,NIFTY-PE-24250-04JUL2024,NIFTY,BUY,3150.0,50.0,63.0
2024-07-03 15:29:00,FON,FO,NIFTY-PE-24250-04JUL2024,NIFTY,SELL,1412.5,25.0,56.5
2024-07-03 15:29:00,FON,FO,NIFTY-PE-24250-04JUL2024,NIFTY,SELL,1412.5,25.0,56.5
2024-07-03 15:29:00,FON,FO,NIFTY-PE-24250-04JUL2024,NIFTY,SELL,1412.5,25.0,56.5
2024-07-03 15:29:00,FON,FO,NIFTY-PE-24250-04JUL2024,NIFTY,SELL,1412.5,25.0,56.5
2024-07-03 15:29:00,FON,FO,NIFTY-PE-24250-04JUL2024,NIFTY,SELL,1412.5,25.0,56.5
2024-07-03 15:29:00,FON,FO,NIFTY-PE-24250-04JUL2024,NIFTY,SELL,1412.5,25.0,56.5
2024-07-04 11:16:40,FON,FO,NIFTY-CE-24300-04JUL2024,NIFTY,BUY,1250.0,25.0,50.0
2024-07-04 11:23:32,FON,FO,NIFTY-CE-24300-04JUL2024,NIFTY,SELL,1317.5,25.0,52.7
2024-07-05 09:44:03,FON,FO,NIFTY-PE-24000-11JUL2024,NIFTY,BUY,1258.75,25.0,50.35
2024-07-05 09:54:34,FON,FO,NIFTY-PE-24000-11JUL2024,NIFTY,SELL,1437.5,25.0,57.5
2024-07-05 10:44:46,FON,FO,NIFTY-CE-24200-11JUL2024,NIFTY,BUY,8415.0,50.0,168.3
2024-07-05 11:33:05,FON,FO,NIFTY-CE-24200-11JUL2024,NIFTY,SELL,8812.5,50.0,176.25
2024-07-05 11:50:06,FON,FO,NIFTY-PE-24300-11JUL2024,NIFTY,BUY,6000.0,50.0,120.0
2024-07-05 11:51:36,FON,FO,NIFTY-PE-24300-11JUL2024,NIFTY,BUY,2978.75,25.0,119.15
2024-07-05 11:51:36,FON,FO,NIFTY-PE-24300-11JUL2024,NIFTY,BUY,2978.75,25.0,119.15
2024-07-05 11:58:36,FON,FO,NIFTY-PE-24300-11JUL2024,NIFTY,SELL,3028.75,25.0,121.15
2024-07-05 11:58:36,FON,FO,NIFTY-PE-24300-11JUL2024,NIFTY,SELL,3028.75,25.0,121.15
2024-07-05 11:58:36,FON,FO,NIFTY-PE-24300-11JUL2024,NIFTY,SELL,6057.5,50.0,121.15
2024-07-05 12:36:40,FON,FO,NIFTY-CE-24250-11JUL2024,NIFTY,BUY,12195.0,75.0,162.6
2024-07-05 15:12:21,FON,FO,NIFTY-CE-24250-11JUL2024,NIFTY,SELL,9250.0,50.0,185.0
2024-07-05 15:12:21,FON,FO,NIFTY-CE-24250-11JUL2024,NIFTY,SELL,4625.0,25.0,185.0
2024-07-08 15:02:08,FON,FO,NIFTY-CE-24300-11JUL2024,NIFTY,BUY,12000.0,100.0,120.0
2024-07-09 09:47:45,FON,FO,NIFTY-CE-24300-11JUL2024,NIFTY,SELL,14545.0,100.0,145.45
2024-07-09 10:19:25,FON,FO,NIFTY-CE-24300-11JUL2024,NIFTY,BUY,14000.0,100.0,140.0
2024-07-09 10:20:55,FON,FO,NIFTY-CE-24300-11JUL2024,NIFTY,SELL,3437.5,25.0,137.5
2024-07-09 10:20:55,FON,FO,NIFTY-CE-24300-11JUL2024,NIFTY,SELL,3436.25,25.0,137.45
2024-07-09 10:20:55,FON,FO,NIFTY-CE-24300-11JUL2024,NIFTY,SELL,6877.5,50.0,137.55
2024-07-09 10:23:03,FON,FO,NIFTY-PE-24350-11JUL2024,NIFTY,BUY,8030.0,100.0,80.3
2024-07-09 10:23:04,FON,FO,NIFTY-PE-24350-11JUL2024,NIFTY,SELL,6041.25,75.0,80.55
2024-07-09 10:23:04,FON,FO,NIFTY-PE-24350-11JUL2024,NIFTY,SELL,2013.75,25.0,80.55
2024-07-09 12:44:04,FON,FO,NIFTY-CE-24400-11JUL2024,NIFTY,BUY,2225.0,25.0,89.0
2024-07-09 12:44:04,FON,FO,NIFTY-CE-24400-11JUL2024,NIFTY,BUY,11125.0,125.0,89.0
2024-07-09 13:17:26,FON,FO,NIFTY-CE-24400-11JUL2024,NIFTY,SELL,5855.0,50.0,117.1
2024-07-09 13:17:26,FON,FO,NIFTY-CE-24400-11JUL2024,NIFTY,SELL,11710.0,100.0,117.1
2024-07-10 11:46:04,FON,FO,NIFTY-CE-24100-11JUL2024,NIFTY,BUY,16700.0,100.0,167.0
2024-07-10 12:11:22,FON,FO,NIFTY-CE-24100-11JUL2024,NIFTY,SELL,13792.5,75.0,183.9
2024-07-10 12:11:22,FON,FO,NIFTY-CE-24100-11JUL2024,NIFTY,SELL,4596.25,25.0,183.85
2024-07-11 09:16:44,FON,FO,NIFTY-CE-24350-11JUL2024,NIFTY,BUY,1493.75,25.0,59.75
2024-07-11 09:16:44,FON,FO,NIFTY-CE-24350-11JUL2024,NIFTY,BUY,2987.5,50.0,59.75
2024-07-11 09:16:44,FON,FO,NIFTY-CE-24350-11JUL2024,NIFTY,BUY,1493.75,25.0,59.75
2024-07-11 09:26:06,FON,FO,NIFTY-CE-24350-11JUL2024,NIFTY,BUY,4000.0,100.0,40.0
2024-07-11 10:13:20,FON,FO,NIFTY-CE-24350-11JUL2024,NIFTY,SELL,1601.25,75.0,21.35
2024-07-11 10:13:20,FON,FO,NIFTY-CE-24350-11JUL2024,NIFTY,SELL,2668.75,125.0,21.35
2024-07-11 11:05:32,FON,FO,NIFTY-CE-24300-11JUL2024,NIFTY,BUY,351.25,25.0,14.05
2024-07-11 11:05:32,FON,FO,NIFTY-CE-24400-11JUL2024,NIFTY,SELL,107.5,25.0,4.3
2024-07-11 14:09:06,FON,FO,NIFTY-CE-24400-11JUL2024,NIFTY,BUY,62.5,25.0,2.5
2024-07-11 14:11:00,FON,FO,NIFTY-CE-24300-11JUL2024,NIFTY,SELL,498.75,25.0,19.95
2024-07-15 13:23:50,FON,FO,NIFTY-PE-24650-18JUL2024,NIFTY,BUY,5762.5,50.0,115.25
2024-07-15 14:18:31,FON,FO,NIFTY-PE-24650-18JUL2024,NIFTY,SELL,5787.5,50.0,115.75
2024-07-16 13:57:37,FON,FO,NIFTY-CE-24650-18JUL2024,NIFTY,BUY,1752.5,25.0,70.1
2024-07-16 13:57:37,FON,FO,NIFTY-CE-24650-18JUL2024,NIFTY,BUY,1751.25,25.0,70.05
2024-07-16 13:57:37,FON,FO,NIFTY-PE-24650-18JUL2024,NIFTY,BUY,1941.25,25.0,77.65
2024-07-16 13:57:37,FON,FO,NIFTY-PE-24650-18JUL2024,NIFTY,BUY,1942.5,25.0,77.7
2024-07-18 09:47:40,FON,FO,NIFTY-PE-24650-18JUL2024,NIFTY,SELL,3512.5,50.0,70.25
2024-07-18 09:47:51,FON,FO,NIFTY-CE-24600-18JUL2024,NIFTY,BUY,4965.0,100.0,49.65
2024-07-18 09:55:59,FON,FO,NIFTY-CE-24650-18JUL2024,NIFTY,SELL,2822.5,50.0,56.45
2024-07-18 09:57:15,FON,FO,NIFTY-CE-24600-18JUL2024,NIFTY,SELL,8710.0,100.0,87.1
2024-07-18 10:14:50,FON,FO,NIFTY-CE-24650-18JUL2024,NIFTY,BUY,5000.0,100.0,50.0
2024-07-18 10:22:23,FON,FO,NIFTY-CE-24650-18JUL2024,NIFTY,SELL,4000.0,100.0,40.0
2024-07-18 12:00:26,FON,FO,NIFTY-CE-24650-18JUL2024,NIFTY,BUY,1715.0,100.0,17.15
2024-07-18 12:18:21,FON,FO,NIFTY-CE-24650-18JUL2024,NIFTY,SELL,5100.0,100.0,51.0
2024-07-18 14:25:45,FON,FO,NIFTY-PE-24650-18JUL2024,NIFTY,BUY,300.0,100.0,3.0
2024-07-22 11:06:51,FON,FO,NIFTY-PE-24600-25JUL2024,NIFTY,BUY,18911.25,75.0,252.15
2024-07-22 11:24:32,FON,FO,NIFTY-PE-24600-25JUL2024,NIFTY,SELL,19020.0,75.0,253.6
2024-07-23 11:27:49,FON,FO,NIFTY-CE-24500-25JUL2024,NIFTY,BUY,10265.0,50.0,205.3
2024-07-23 11:27:49,FON,FO,NIFTY-CE-24500-25JUL2024,NIFTY,BUY,10267.5,50.0,205.35
2024-07-23 12:22:03,FON,FO,NIFTY-CE-24500-25JUL2024,NIFTY,SELL,5445.0,50.0,108.9
2024-07-23 12:22:03,FON,FO,NIFTY-CE-24500-25JUL2024,NIFTY,SELL,2722.5,25.0,108.9
2024-07-23 12:22:03,FON,FO,NIFTY-CE-24500-25JUL2024,NIFTY,SELL,2723.75,25.0,108.95
2024-07-26 11:34:24,FON,FO,NIFTY-PE-24650-01AUG2024,NIFTY,BUY,3450.0,25.0,138.0
2024-07-26 12:20:50,FON,FO,NIFTY-CE-24600-01AUG2024,NIFTY,BUY,4767.5,25.0,190.7
2024-07-26 12:33:43,FON,FO,NIFTY-PE-24650-01AUG2024,NIFTY,SELL,2653.75,25.0,106.15
2024-07-26 13:22:36,FON,FO,NIFTY-CE-24600-01AUG2024,NIFTY,SELL,7125.0,25.0,285.0
